<?xml version="1.0" encoding="UTF-8"?><record xmlns="http://www.loc.gov/MARC21/slim" xmlns:cinclude="http://apache.org/cocoon/include/1.0" xmlns:zs="http://www.loc.gov/zing/srw/">
  <leader>00470nz  a2200133n  4500</leader>
  <controlfield tag="001">n 2008057003</controlfield>
  <controlfield tag="003">DLC</controlfield>
  <controlfield tag="005">20080821080225.0</controlfield>
  <controlfield tag="008">080820n| acannaabn          |n aaa      </controlfield>
  <datafield tag="010" ind1=" " ind2=" ">
    <subfield code="a">n 2008057003</subfield>
  </datafield>
  <datafield tag="040" ind1=" " ind2=" ">
    <subfield code="a">DLC</subfield>
    <subfield code="b">eng</subfield>
    <subfield code="c">DLC</subfield>
    <subfield code="d">DLC</subfield>
  </datafield>
  <datafield tag="100" ind1="1" ind2=" ">
    <subfield code="a">Whistler, James McNeill,</subfield>
    <subfield code="d">1834-1903.</subfield>
    <subfield code="t">Gentle art of making enemies.</subfield>
    <subfield code="k">Selections</subfield>
  </datafield>
  <datafield tag="670" ind1=" " ind2=" ">
    <subfield code="a">Whistler, James McNeill. The gentle art of making enemies, c1931</subfield>
  </datafield>
  <datafield tag="670" ind1=" " ind2=" ">
    <subfield code="a">Whistler, James McNeill. The gentle art of making enemies, 1890</subfield>
  </datafield>
</record>